% Intro ================================================
@online{cdcdiagnosis,
author    = "Centers for Disease Control and Prevention",
title     = "How Is Breast Cancer Diagnosed?",
url       = "https://www.cdc.gov/cancer/breast/basic_info/diagnosis.htm",
urldate   = {2022-10-25}
}

@online{uzairkhan45,
author    = "Uzair Khan",
title     = "Breast Cancer Patients MRI's Dataset",
url       = "https://www.kaggle.com/datasets/uzairkhan45/breast-cancer-patients-mris",
urldate   = {2022-10-25}
}


@article{cmaj191292,
author    = {Darren R. Brenner and Hannah K. Weir and Alain A. Demers and Larry F. Ellison and Cheryl Louzado and Amanda Shaw and Donna Turner and Ryan R. Woods and Leah M. Smith},
title     = "Projected estimates of cancer in Canada in 2020",
journal   = {Canadian Medical Association Journal},
doi       = "https://doi.org/10.1503/cmaj.191292",
VOLUME    = {192},
NUMBER    = {9},
YEAR      = {2020}
}

% Ultrasound >>>>>>>>>>>>>>>>>>>>>>>>>>>>>>>>>>>>>>>>>>>>>>>>
@Article{s22030807,
AUTHOR = {Jabeen, Kiran and Khan, Muhammad Attique and Alhaisoni, Majed and Tariq, Usman and Zhang, Yu-Dong and Hamza, Ameer and Mickus, Artūras and Damaševičius, Robertas},
TITLE = {Breast Cancer Classification from Ultrasound Images Using Probability-Based Optimal Deep Learning Feature Fusion},
JOURNAL = {Sensors},
VOLUME = {22},
YEAR = {2022},
NUMBER = {3},
ARTICLE-NUMBER = {807},
URL = {https://www.mdpi.com/1424-8220/22/3/807},
PubMedID = {35161552},
ISSN = {1424-8220},
DOI = {10.3390/s22030807}
}
% Ultrasound <<<<<<<<<<<<<<<<<<<<<<<<<<<<<<<<<<<<<<<<<<<<<<<


% Histopathological >>>>>>>>>>>>>>>>>>>>>>>>>>>>>>>>>>>>>>>>>>>>>>>>
@article{ALJUAID2022106951,
title = {Computer-aided diagnosis for breast cancer classification using deep neural networks and transfer learning},
journal = {Computer Methods and Programs in Biomedicine},
volume = {223},
pages = {106951},
year = {2022},
issn = {0169-2607},
doi = {https://doi.org/10.1016/j.cmpb.2022.106951},
url = {https://www.sciencedirect.com/science/article/pii/S0169260722003339},
author = {Hanan Aljuaid and Nazik Alturki and Najah Alsubaie and Lucia Cavallaro and Antonio Liotta},
keywords = {Computer-sided diagnosis, Breast cancer, DNN, Transfer learning, Classification, BreakHis}
}
% Histopathological <<<<<<<<<<<<<<<<<<<<<<<<<<<<<<<<<<<<<<<<<<<<<<<


% Mammography >>>>>>>>>>>>>>>>>>>>>>>>>>>>>>>>>>>>>>>>>>>>>>>>
@Article{Shen2019,
author={Shen, Li
and Margolies, Laurie R.
and Rothstein, Joseph H.
and Fluder, Eugene
and McBride, Russell
and Sieh, Weiva},
title={Deep Learning to Improve Breast Cancer Detection on Screening Mammography},
journal={Scientific Reports},
year={2019},
month={Aug},
day={29},
volume={9},
number={1},
pages={12495},
issn={2045-2322},
doi={10.1038/s41598-019-48995-4},
url={https://doi.org/10.1038/s41598-019-48995-4}
}

@Article{s22010203,
AUTHOR = {Alshammari, Maha M. and Almuhanna, Afnan and Alhiyafi, Jamal},
TITLE = {Mammography Image-Based Diagnosis of Breast Cancer Using Machine Learning: A Pilot Study},
JOURNAL = {Sensors},
VOLUME = {22},
YEAR = {2022},
NUMBER = {1},
ARTICLE-NUMBER = {203},
URL = {https://www.mdpi.com/1424-8220/22/1/203},
PubMedID = {35009746},
ISSN = {1424-8220},
DOI = {10.3390/s22010203}
}


@Article{diagnostics12081812,
AUTHOR = {Altameem, Ayman and Mahanty, Chandrakanta and Poonia, Ramesh Chandra and Saudagar, Abdul Khader Jilani and Kumar, Raghvendra},
TITLE = {Breast Cancer Detection in Mammography Images Using Deep Convolutional Neural Networks and Fuzzy Ensemble Modeling Techniques},
JOURNAL = {Diagnostics},
VOLUME = {12},
YEAR = {2022},
NUMBER = {8},
ARTICLE-NUMBER = {1812},
URL = {https://www.mdpi.com/2075-4418/12/8/1812},
ISSN = {2075-4418},
DOI = {10.3390/diagnostics12081812}
}





% Mammography <<<<<<<<<<<<<<<<<<<<<<<<<<<<<<<<<<<<<<<<<<<<<<<


% MRI >>>>>>>>>>>>>>>>>>>>>>>>>>>>>>>>>>>>>>>>>>>>>>>>
@Article{Dewangan2022,
author={Dewangan, Kranti Kumar
and Dewangan, Deepak Kumar
and Sahu, Satya Prakash
and Janghel, Rekhram},
title={Breast cancer diagnosis in an early stage using novel deep learning with hybrid optimization technique},
journal={Multimedia Tools and Applications},
year={2022},
month={Apr},
day={01},
volume={81},
number={10},
pages={13935-13960},
issn={1573-7721},
doi={10.1007/s11042-022-12385-2},
url={https://doi.org/10.1007/s11042-022-12385-2}
}

@Article{Hu2020,
author={Hu, Qiyuan
and Whitney, Heather M.
and Giger, Maryellen L.},
title={A deep learning methodology for improved breast cancer diagnosis using multiparametric MRI},
journal={Scientific Reports},
year={2020},
month={Jun},
day={29},
volume={10},
number={1},
pages={10536},
issn={2045-2322},
doi={10.1038/s41598-020-67441-4},
url={https://doi.org/10.1038/s41598-020-67441-4}
}

% Mammography <<<<<<<<<<<<<<<<<<<<<<<<<<<<<<<<<<<<<<<<<<<<<<<

